@misc{soumu,
author="総務省",
title="自治体クラウドに関する調査研究報告書",
note="\url{http://www.soumu.go.jp/main_content/000175572.pdf}"
}
@misc{ovf,
author = {{Distributed Management Task Force}},
title = {{Open Virtualization Format White Paper}},
howpublished = {\\http://dmtf.org/sites/default/files/standards/documents/DSP2017\_2.0.0a.pdf},
urldate = {08/03/14},
year = {2012},
month = Jul
}
@misc{tosca,
author = {{OASIS Standard}},
title = {{Topology and Orchestration Specification for Cloud Applications Version 1.0}},
howpublished = {\\http://docs.oasis-open.org/tosca/TOSCA/v1.0/os/TOSCA-v1.0-os.html},
urldate = {08/03/14},
year = {2013},
month = Nov
}
@misc{cscc,
author = {{Cloud Standards Customer Council}},
title = {{Cloud Standards Customer Council Core Document}},
howpublished = {http://www.cloud-council.org/Cloud-Council\_Core\_Document.pdf},
urldate = {08/03/14},
year = {2011},
month = Apr
}
@misc{openstack,
title = {{OpenStack Open Source Cloud Computing Software}},
howpublished = {http://www.openstack.org/},
urldate = {08/03/14},
}
@misc{cloudstack,
title = {{Apache CloudStack: Open Source Cloud Computing}},
howpublished = {http://cloudstack.apache.org/},
urldate = {08/03/14},
}
@misc{eucalyptus,
title = {{Eucalyptus | Open Source Private Cloud Software}},
howpublished = {https://www.eucalyptus.com/},
urldate = {08/03/14},
}
@misc{dataportability,
title = {{DataPortability.org - Share and remix data using open standards}},
howpublished = {http://dataportability.org/},
urldate = {08/03/14},
}
@misc{takeout,
title = {{Google Takeout}},
howpublished = {https://www.google.com/settings/takeout/},
urldate = {08/03/14},
}
@misc{openstandard,
author = {{European Communities}},
title = {{European Interoperability Framework for Pan-European eGovernment Services}},
howpublished = {{http://ec.europa.eu/idabc/servlets/Doca2cd.pdf}},
urldate = {08/03/14},
year = {2004}
}
@misc{sidechannel,
author = {{﨑山一男, 太田和夫}},
title = {{暗号への脅威「サイドチャネル攻撃」とその対策}},
howpublished = {http://sakiyama-lab.jp/wp-content/uploads/kagaku2008.pdf},
urldate = {08/04/14},
}
@article{kocher1999,
author = {Kocher, Paul and Jaffe, Joshua and Jun, Benjamin},
journal = {Advances in Cryptology — CRYPTO’ 99},
volume={1666},
pages = {388--397},
title = {{Differential Power Analysis}},
year = {1999}
}
@misc{vmsec,
author = {{須崎有康}},
title = {{Cloud ComputingにおけるVMのセキュリティ}},
howpublished = {\\http://www.slideshare.net/suzaki/cloud-computingvm14jan2010/},
urldate = {08/04/14},
}
@misc{cloudrisk,
author = {ENISA},
title = {クラウドコンピューティング：情報セキュリティに関わる利点、リスク及び推奨事項},
year = {2009},
note = {https:{\slash}{\slash}www.ipa.go.jp{\slash}security{\slash}publications{\slash}enisa{\slash}documents{\slash}Cloud%20Computing%20Security%20Risk%20Assessment.pdf},
}
@article{chen2008,
author = {Chen, Xiaoxin and Garfinkel, Tal and Lewis, E. Christopher and Subrahmanyam, Pratap and Waldspurger, Carl A. and Boneh, Dan and Dwoskin, Jeffrey and Ports, Dan R.K.},
journal = {SIGPLAN Notices},
volume = {43},
number = {3},
month = Mar,
year = {2008},
pages = {2--13},
title = {{Overshadow: A Virtualization-based Approach to Retrofitting Protection in Commodity Operating Systems}}
}
@article{ristenpart2009,
author = {Ristenpart, Thomas and Tromer, Eran and Shacham, Hovav and Savage, Stefan},
title = {Hey, You, Get off of My Cloud: Exploring Information Leakage in Third-party Compute Clouds},
journal = {Proceedings of the 16th ACM Conference on Computer and Communications Security},
year = {2009},
pages = {199--212}
}
@misc{sealand,
author = {WIRED},
title = {「独立国」を使って「ネット・データ・ヘイブン」を提供(上)},
howpublished = {http://wired.jp/2000/06/06/「独立国」を使って「ネット・データ・ヘイブン/},
}
@misc{dataheaven,
author = {weblio},
title = {データヘイブンとは},
howpublished = {http://www.weblio.jp/content/データ・ヘイブン},
}
@misc{ediscovery,
author = {ITpro},
title = {知っておきたいIT経営用語-e-ディスカバリー},
howpublished = {\\http://itpro.nikkeibp.co.jp/article/Keyword/20080618/308603/},
}
@misc{ediscoveryblog,
author = {eDiscoveryBlog},
title = {Eディスカバリーの最新情報を日本へ},
howpublished = {http://ediscoveryblog.ji2.co.jp/?cat=24},
}
@Conference{sym,
author = {清藤 武暢},
title = {「暗号化状態処理技術」を巡る最新動向},
booktitle = {第15回情報セキュリティ・シンポジウム},
}
@Misc{uzi,
author = {近江法律事務所},
title = {業務委託先からの情報流出と賠償責任},
note = "\url{http://www.oumilaw.jp/kouza/35.html}",
}
@Misc{mitubisi,
author = {三菱電機},
title = {ニュースリリース 「秘匿検索基盤ソフトウェア」を開発},
note = {www.mitsubishielectric.co.jp/news/2013/0703-a.html},
year = 2013,
}
@InProceedings{nict,
author ={Lihua Wang, Atsushi Waseda, Ryo Nojima and Shiho Moriai},
title = {Proxy Re-encryption with INd-Cca security in Encrypted file Storage System},
booktitle = {SCIS2014: The 31st Symposium on Cryptography and Information Security Kagoshima},
year = 2014
}
@Misc{fujitsu,
author = {富士通},
title = {暗号化したまま検索が可能な秘匿検索技術を開発},
note = "\url{http://pr.fujitsu.com/jp/news/2014/01/15.html}",
year = 2014,
}
@Misc{toshiba,
author = {東芝ソリューション},
title = {ニュースリリース｜2011年11月9日 安全性を高めた、クラウドサービス向け再暗号化技術を開発},
note = "\url{http://www.toshiba-sol.co.jp/news/detail/111109.htm}",
year = 2011,
}
@Misc{hitachi,
author = {日立製作所},
title = {ニュースリリース：2014年1月21日：日立},
note = "\url{http://www.hitachi.co.jp/New/cnews/month/2014/01/0121b.html}",
year = 2014,
}
@Misc{nrimicrosoft,
author = {NRI SecureTechnologies,Ltd.},
title = {世界分散ストレージサービス | サービス案内 | 情報セキュリティのNRIセキュア},
note = "\url{http://www.nri-secure.co.jp/service/global/gss.html}",
year = 2011,
}
@Misc{ntt,
author = {NTTソフトフェア},
title = {社内ストレージと同様の使い勝手でらくらく利用「TrustBind/Hybrid Storage」 | ＮＴＴソフトウェア},
note = "\url{https://www.ntts.co.jp/whatsnew/2013/140325.html}",
year = 2014,
}
@Techreport{sdsm,
author = {西川 律子},
title = {秘密分散法},
institution = {沖テクニカルレビュー},
year = 2006,
number = 1,
volume = 73,
month = 1,
note = "\url{https://www.oki.com/jp/Home/JIS/Books/KENKAI/n205/pdf/205_R18.pdf}",
}
@misc{cve,
author={Common Vulnerabilities and Exposures},
title={CVE - CVE-2014-0160},
note = {\url{https://cve.mitre.org/cgi-bin/cvename.cgi?name=CVE-2014-0160}}
}
@misc{wiki,
author={wikipedia},
title={Heart Bleed - Wikipedia},
note = {\url{http://en.wikipedia.org/wiki/Heartbleed}}
}
@misc{ars,
author={Ars Technica},
title={Heartbleed vulnerability may have been exploited months before patch [Updated] | Ars Technica},
note = {\url{http://arstechnica.com/security/2014/04/heartbleed-vulnerability-may-have-been-exploited-months-before-patch/}}
}
@misc{erratasecurity,
author={Errata Security},
title={Errata Security: No, we weren't scanning for hearbleed before April 7},
note = {\url{http://blog.erratasec.com/2014/04/no-we-werent-scanning-for-hearbleed.html}}
}

@misc{hb,
author={Codenomicon Ltd.},
Title={Heartbleed Bug},
note = {\url{http://heartbleed.com/}}
}

@misc{rfc6520,
author={RFC Editor},
title={Information on RFC 6520},
note = {\url{http://www.rfc-editor.org/info/rfc6520}}
}

@misc{check,
author={GMOグローバルサイン},
title={設定状況や信頼性がわかる！SSLチェックツール｜GMOグローバルサイン},
note = {\url{https://sslcheck.globalsign.com/ja}}
}

@misc{ipa,
	author="総務省",
	title="DNSキャッシュポイズニング対策　〜DNSの役割と関連ツールの使い方〜",
	note="\url{http://www.ipa.go.jp/files/000017289.pdf}"
}
@misc{jrps,
	author="株式会社日本レジストリサービス",
	title="キャッシュポイズニング攻撃対策：　キャッシュDNSサーバー運用者向け-基本対策編",
	note="\url{http://jprs.jp/tech/security/2014-04-30-poisoning-countermeasure-resolver-1.pdf}"
}
@misc{dnssec,
	author="株式会社日本レジストリサービス",
	title="DNSSECとは",
	note="\url{http://jprs.jp/dnssec/doc/dnssec.pdf}"
}
@misc{jrps_dnssec,
	author="株式会社日本レジストリサービス",
	title="DNSのセキュリティ向上　DNSSEC",
	note="\url{http://dnssec.jp/wp-content/uploads/2010/07/20100721-whats_dnssec-sakaguchi.pdf}"
}
@misc{RFC2535,
	author = "D. Eastlake",
	title = "Domain Name System Security Extensions",
	note="RFC 2535"
}
@misc{RFC3110,
	author = "D. Eastlake",
	title = "RSA/SHA-1 SIGs and RSA KEYs in the Domain Name System",
	note="RFC 3110"
}
@misc{RFC4033,
	author = "R. Arends",
	title = "DNS Security Introduction and Requirements",
	note="RFC 4033"
}

@Misc{kaminsky,
author = {JPRS},
title = {Kaminsky Attackのすべて},
note = {http:{\slash}{\slash}www.nic.ad.jp{\slash}ja{\slash}materials{\slash}iw{\slash}2008{\slash}proceedings{\slash}H3{\slash}IW2008-H3-07.pdf},
}

@misc{uscert,
author="US-CERT",
title="Alert (TA14-268A) GNU Bourne-Again Shell (Bash) ‘Shellshock’ Vulnerability (CVE-2014-6271, CVE-2014-7169, CVE-2014-7186, CVE-2014-7187, CVE-2014-6277 and CVE 2014-6278)",
note="\url{https://www.us-cert.gov/ncas/alerts/TA14-268A}"
}
@misc{cve20146271,
author="CVE",
title="CVE-2014-6271",
note="\url{https://cve.mitre.org/cgi-bin/cvename.cgi?name=CVE-2014-6271}"
}
@misc{cve20147169,
author="CVE",
title="CVE-2014-7169",
note="\url{https://cve.mitre.org/cgi-bin/cvename.cgi?name=CVE-2014-7169}"
}
@misc{cve20147186,
author="CVE",
title="CVE-2014-7186",
note="\url{https://cve.mitre.org/cgi-bin/cvename.cgi?name=CVE-2014-7186}"
}
@misc{cve20147187,
author="CVE",
title="CVE-2014-7187",
note="\url{https://cve.mitre.org/cgi-bin/cvename.cgi?name=CVE-2014-7187}"
}
@misc{cve20146277,
author="CVE",
title="CVE-2014-6277",
note="\url{https://cve.mitre.org/cgi-bin/cvename.cgi?name=CVE-2014-6277}"
}
@misc{cve20146278,
author="CVE",
title="CVE-2014-6278",
note="\url{https://cve.mitre.org/cgi-bin/cvename.cgi?name=CVE-2014-6278}"
}
@misc{freebsd,
title="oss-sec mailing list archives",
note="\url{http://seclists.org/oss-sec/2014/q3/755}"
}
